@article{slater1930note,
  title={Note on Hartree's method},
  author={Slater, John C},
  journal={Physical Review},
  volume={35},
  number={2},
  pages={210},
  year={1930},
  publisher={APS}
}
@article{hohenberg1964inhomogeneous,
  title={Inhomogeneous electron gas},
  author={Hohenberg, Pierre and Kohn, Walter},
  journal={Physical review},
  volume={136},
  number={3B},
  pages={B864},
  year={1964},
  publisher={APS}
}
@article{kohn1965self,
  title={Self-consistent equations including exchange and correlation effects},
  author={Kohn, Walter and Sham, Lu Jeu},
  journal={Physical review},
  volume={140},
  number={4A},
  pages={A1133},
  year={1965},
  publisher={APS}
}
@article{ceperley1980ground,
  title={Ground state of the electron gas by a stochastic method},
  author={Ceperley, David M and Alder, BJ},
  journal={Physical Review Letters},
  volume={45},
  number={7},
  pages={566},
  year={1980},
  publisher={APS}
}
@article{perdew1981self,
  title={Self-interaction correction to density-functional approximations for many-electron systems},
  author={Perdew, John P and Zunger, Alex},
  journal={Physical Review B},
  volume={23},
  number={10},
  pages={5048},
  year={1981},
  publisher={APS}
}
@article{perdew1996generalized,
  title={Generalized gradient approximation made simple},
  author={Perdew, John P and Burke, Kieron and Ernzerhof, Matthias},
  journal={Physical review letters},
  volume={77},
  number={18},
  pages={3865},
  year={1996},
  publisher={APS}
}
@article{pyne1992iterative,
  title={Iterative minimization techniques for ab initio total-energy calculations: molecular dynamics and conjugate gradients},
  author={Pyne, MC and Teter, MP and Allan, DC and Arias, TA and Joannopoulos, JD},
  journal={Rev. Mod. Phys},
  volume={64},
  number={4},
  pages={1045},
  year={1992}
}
@article{ashcroft1976solid,
  title={Solid State Physics. Thomson Learning},
  author={Ashcroft, Neil W and Mermin, N David},
  journal={Inc., Florence},
  year={1976}
}
@book{mahan2013many,
  title={Many-particle physics},
  author={Mahan, Gerald D},
  year={2013},
  publisher={Springer Science \& Business Media}
}
@book{born1954dynamical,
  title={Dynamical theory of crystal lattices},
  author={Born, Max and Huang, Kun},
  year={1954},
  publisher={Clarendon press}
}
@misc{hellmann1937forces,
  title={Forces in molecules},
  author={Hellmann, HGA},
  year={1937},
  publisher={Einf{\"u}hrung in die Quantenchemie}
}
@article{feynman1939forces,
  title={Forces in molecules},
  author={Feynman, Richard Phillips},
  journal={Physical Review},
  volume={56},
  number={4},
  pages={340},
  year={1939},
  publisher={APS}
}
@article{baroni1987green,
  title={Greenâ€™s-function approach to linear response in solids},
  author={Baroni, Stefano and Giannozzi, Paolo and Testa, Andrea},
  journal={Physical Review Letters},
  volume={58},
  number={18},
  pages={1861},
  year={1987},
  publisher={APS}
}
@article{gonze1995adiabatic,
  title={Adiabatic density-functional perturbation theory},
  author={Gonze, Xavier},
  journal={Physical Review A},
  volume={52},
  number={2},
  pages={1096},
  year={1995},
  publisher={APS}
}
@article{baroni2001phonons,
  title={Phonons and related crystal properties from density-functional perturbation theory},
  author={Baroni, Stefano and De Gironcoli, Stefano and Dal Corso, Andrea and Giannozzi, Paolo},
  journal={Reviews of Modern Physics},
  volume={73},
  number={2},
  pages={515},
  year={2001},
  publisher={APS}
}
@article{sternheimer1954electronic,
  title={Electronic polarizabilities of ions from the Hartree-Fock wave functions},
  author={Sternheimer, RM},
  journal={Physical Review},
  volume={96},
  number={4},
  pages={951},
  year={1954},
  publisher={APS}
}
@article{hellman2013temperature,
  title={Temperature dependent effective potential method for accurate free energy calculations of solids},
  author={Hellman, Olle and Steneteg, Peter and Abrikosov, Igor A and Simak, Sergei I},
  journal={Physical Review B},
  volume={87},
  number={10},
  pages={104111},
  year={2013},
  publisher={APS}
}
@article{hellman2013temperature1,
  title={Temperature-dependent effective third-order interatomic force constants from first principles},
  author={Hellman, Olle and Abrikosov, Igor A},
  journal={Physical Review B},
  volume={88},
  number={14},
  pages={144301},
  year={2013},
  publisher={APS}
}
@article{hellman2011lattice,
  title={Lattice dynamics of anharmonic solids from first principles},
  author={Hellman, Olle and Abrikosov, IA and Simak, SI},
  journal={Physical Review B},
  volume={84},
  number={18},
  pages={180301},
  year={2011},
  publisher={APS}
}
@article{ljungberg2013temperature,
  title={Temperature-Dependent Classical Phonons from Efficient Nondynamical Simulations},
  author={Ljungberg, Mathias P and {\'I}{\~n}iguez, Jorge},
  journal={Physical review letters},
  volume={110},
  number={10},
  pages={105503},
  year={2013},
  publisher={APS}
}
@article{magduau2013identification,
  title={Identification of high-pressure phases III and IV in hydrogen: Simulating Raman spectra using molecular dynamics},
  author={Magd{\u{a}}u, Ioan B and Ackland, Graeme J},
  journal={Physical Review B},
  volume={87},
  number={17},
  pager={174110},
  year={2013},
  publisher={APS}
}
@article{wang1990tight,
  title={Tight-binding molecular-dynamics study of phonon anharmonic effects in silicon and diamond},
  author={Wang, CZ and Chan, CT and Ho, KM},
  journal={Physical Review B},
  volume={42},
  number={17},
  pages={11276},
  year={1990},
  publisher={APS}
}
@article{zhang2014phonon,
  title={Phonon quasiparticles and anharmonic free energy in complex systems},
  author={Zhang, Dong-Bo and Sun, Tao and Wentzcovitch, Renata M},
  journal={Physical review letters},
  volume={112},
  number={5},
  pages={058501},
  year={2014},
  publisher={APS}
}
@article{de2009thermal,
  title={Thermal conductivity of MgO periclase from equilibrium first principles molecular dynamics},
  author={de Koker, Nico},
  journal={Physical review letters},
  volume={103},
  number={12},
  pages={125902},
  year={2009},
  publisher={APS}
}
@article{ceperley1995path,
  title={Path integrals in the theory of condensed helium},
  author={Ceperley, David M},
  journal={Reviews of Modern Physics},
  volume={67},
  number={2},
  pages={279},
  year={1995},
  publisher={APS}
}
@article{errea2014anharmonic,
  title={Anharmonic free energies and phonon dispersions from the stochastic self-consistent harmonic approximation: Application to platinum and palladium hydrides},
  author={Errea, Ion and Calandra, Matteo and Mauri, Francesco},
  journal={Physical Review B},
  volume={89},
  number={6},
  pages={064302},
  year={2014},
  publisher={APS}
}
@article{errea2013first,
  title={First-principles theory of anharmonicity and the inverse isotope effect in superconducting palladium-hydride compounds},
  author={Errea, Ion and Calandra, Matteo and Mauri, Francesco},
  journal={Physical review letters},
  volume={111},
  number={17},
  pages={177002},
  year={2013},
  publisher={APS}
}
@article{errea2011anharmonic,
  title={Anharmonic stabilization of the high-pressure simple cubic phase of calcium},
  author={Errea, Ion and Rousseau, Bruno and Bergara, Aitor},
  journal={Physical review letters},
  volume={106},
  number={16},
  pages={165501},
  year={2011},
  publisher={APS}
}
@article{monserrat2013anharmonic,
  title={Anharmonic vibrational properties in periodic systems: energy, electron-phonon coupling, and stress},
  author={Monserrat, Bartomeu and Drummond, ND and Needs, RJ},
  journal={Physical Review B},
  volume={87},
  number={14},
  pages={144302},
  year={2013},
  publisher={APS}
}
@article{tadano2015self,
  title={Self-consistent phonon calculations of lattice dynamical properties in cubic SrTiO 3 with first-principles anharmonic force constants},
  author={Tadano, Terumasa and Tsuneyuki, Shinji},
  journal={Physical Review B},
  volume={92},
  number={5},
  pages={054301},
  year={2015},
  publisher={APS}
}
@article{georgescu2012self,
  title={Self-consistent phonons revisited. I. The role of thermal versus quantum fluctuations on structural transitions in large Lennard-Jones clusters},
  author={Georgescu, Ionu{\c{t}} and Mandelshtam, Vladimir A},
  journal={The Journal of chemical physics},
  volume={137},
  number={14},
  pages={144106},
  year={2012},
  publisher={AIP}
}
@article{brown2013self,
  title={Self-consistent phonons revisited. II. A general and efficient method for computing free energies and vibrational spectra of molecules and clusters},
  author={Brown, Sandra E and Georgescu, Ionu{\c{t}} and Mandelshtam, Vladimir A},
  journal={The Journal of chemical physics},
  volume={138},
  number={4},
  pages={044317},
  year={2013},
  publisher={AIP}
}
@article{patrick2015anharmonic,
  title={Anharmonic stabilization and band gap renormalization in the perovskite CsSnI 3},
  author={Patrick, Christopher E and Jacobsen, Karsten W and Thygesen, Kristian S},
  journal={Physical Review B},
  volume={92},
  number={20},
  pages={201205},
  year={2015},
  publisher={APS}
}
@article{hooton1955li,
  title={LI. A new treatment of anharmonicity in lattice thermodynamics: I},
  author={Hooton, DJ},
  journal={The London, Edinburgh, and Dublin Philosophical Magazine and Journal of Science},
  volume={46},
  number={375},
  pages={422--432},
  year={1955},
  publisher={Taylor \& Francis}
}
@article{li2014shengbte,
  title={ShengBTE: A solver of the Boltzmann transport equation for phonons},
  author={Li, Wu and Carrete, Jes{\'u}s and Katcho, Nebil A and Mingo, Natalio},
  journal={Computer Physics Communications},
  volume={185},
  number={6},
  pages={1747--1758},
  year={2014},
  publisher={Elsevier}
}
@article{paulatto2013anharmonic,
  title={Anharmonic properties from a generalized third-order ab initio approach: Theory and applications to graphite and graphene},
  author={Paulatto, Lorenzo and Mauri, Francesco and Lazzeri, Michele},
  journal={Physical Review B},
  volume={87},
  number={21},
  pages={214303},
  year={2013},
  publisher={APS}
}
@article{paulatto2015first,
  title={First-principles calculations of phonon frequencies, lifetimes, and spectral functions from weak to strong anharmonicity: The example of palladium hydrides},
  author={Paulatto, Lorenzo and Errea, Ion and Calandra, Matteo and Mauri, Francesco},
  journal={Physical Review B},
  volume={91},
  number={5},
  pages={054304},
  year={2015},
  publisher={APS}
}
@article{rousseau2010giant,
  title={Giant anharmonicity suppresses superconductivity in AlH 3 under pressure},
  author={Rousseau, Bruno and Bergara, Aitor},
  journal={Physical Review B},
  volume={82},
  number={10},
  pages={104504},
  year={2010},
  publisher={APS}
}
@article{calandra2007anharmonic,
  title={Anharmonic and non-adiabatic effects in MgB2: Implications for the isotope effect and interpretation of Raman spectra},
  author={Calandra, Matteo and Lazzeri, Michele and Mauri, Francesco},
  journal={Physica C: Superconductivity},
  volume={456},
  number={1-2},
  pages={38--44},
  year={2007},
  publisher={Elsevier}
}
@article{aroyo2011crystallography,
  title={Crystallography online: Bilbao crystallographic server},
  author={Aroyo, Mois I and Perez-Mato, JM and Orobengoa, D and Tasci, E and De La Flor, G and Kirov, A},
  journal={Bulg. Chem. Commun},
  volume={43},
  number={2},
  pages={183--197},
  year={2011}
}
@article{bonini2007phonon,
  title={Phonon anharmonicities in graphite and graphene},
  author={Bonini, Nicola and Lazzeri, Michele and Marzari, Nicola and Mauri, Francesco},
  journal={Physical review letters},
  volume={99},
  number={17},
  pages={176802},
  year={2007},
  publisher={APS}
}
@article{gonze1989density,
  title={Density-functional approach to nonlinear-response coefficients of solids},
  author={Gonze, Xavier and Vigneron, J-P},
  journal={Physical Review B},
  volume={39},
  number={18},
  pages={13120},
  year={1989},
  publisher={APS}
}
@article{monacelli2018pressure,
  title={Pressure and stress tensor of complex anharmonic crystals within the stochastic self-consistent harmonic approximation},
  author={Monacelli, Lorenzo and Errea, Ion and Calandra, Matteo and Mauri, Francesco},
  journal={Physical Review B},
  volume={98},
  number={2},
  pages={024106},
  year={2018},
  publisher={APS}
}
@article{lifshitz1980landau,
  title={Landau and Lifshitz Course of Theoretical Physics},
  author={Lifshitz, Evgeny Mikhailovich and Pitaevskii, LP and Berestetskii, VB},
  journal={Statistical physics},
  volume={5},
  year={1980},
  publisher={Pergamon London, New York}
}
@article{bianco2017second,
  title={Second-order structural phase transitions, free energy curvature, and temperature-dependent anharmonic phonons in the self-consistent harmonic approximation: Theory and stochastic implementation},
  author={Bianco, Raffaello and Errea, Ion and Paulatto, Lorenzo and Calandra, Matteo and Mauri, Francesco},
  journal={Physical Review B},
  volume={96},
  number={1},
  pages={014111},
  year={2017},
  publisher={APS}
}
@article{cowley1968anharmonic,
  title={Anharmonic crystals},
  author={Cowley, RA},
  journal={Reports on Progress in Physics},
  volume={31},
  number={1},
  pages={123},
  year={1968},
  publisher={IOP Publishing}
}
@article{fugallo2013ab,
  title={Ab initio variational approach for evaluating lattice thermal conductivity},
  author={Fugallo, Giorgia and Lazzeri, Michele and Paulatto, Lorenzo and Mauri, Francesco},
  journal={Physical Review B},
  volume={88},
  number={4},
  pages={045430},
  year={2013},
  publisher={APS}
}
@article{peierls1929kinetischen,
  title={Zur kinetischen theorie der w{\"a}rmeleitung in kristallen},
  author={Peierls, Rudolf},
  journal={Annalen der Physik},
  volume={395},
  number={8},
  pages={1055--1101},
  year={1929},
  publisher={Wiley Online Library}
}
@book{ziman2001electrons,
  title={Electrons and phonons: the theory of transport phenomena in solids},
  author={Ziman, John M},
  year={2001},
  publisher={Oxford university press}
}
@article{sparavigna2002lattice,
  title={Lattice thermal conductivity in cubic silicon carbide},
  author={Sparavigna, A},
  journal={Physical Review B},
  volume={66},
  number={17},
  pages={174301},
  year={2002},
  publisher={APS}
}
@incollection{klemens1958thermal,
  title={Thermal conductivity and lattice vibrational modes},
  author={Klemens, PG},
  booktitle={Solid state physics},
  volume={7},
  pages={1--98},
  year={1958},
  publisher={Elsevier}
}
@article{monkhorst1976special,
  title={Special points for Brillouin-zone integrations},
  author={Monkhorst, Hendrik J and Pack, James D},
  journal={Physical review B},
  volume={13},
  number={12},
  pages={5188},
  year={1976},
  publisher={APS}
}
@article{giannozzi2009quantum,
  title={QUANTUM ESPRESSO: a modular and open-source software project for quantum simulations of materials},
  author={Giannozzi, Paolo and Baroni, Stefano and Bonini, Nicola and Calandra, Matteo and Car, Roberto and Cavazzoni, Carlo and Ceresoli, Davide and Chiarotti, Guido L and Cococcioni, Matteo and Dabo, Ismaila and others},
  journal={Journal of physics: Condensed matter},
  volume={21},
  number={39},
  pages={395502},
  year={2009},
  publisher={IOP Publishing}
}
@book{martin2004electronic,
  title={Electronic structure: basic theory and practical methods},
  author={Martin, Richard M and Martin, Richard Milton},
  year={2004},
  publisher={Cambridge university press}
}
@article{callaway1959model,
  title={Model for lattice thermal conductivity at low temperatures},
  author={Callaway, Joseph},
  journal={Physical Review},
  volume={113},
  number={4},
  pages={1046},
  year={1959},
  publisher={APS}
}
@article{bungaro2000ab,
  title={Ab initio phonon dispersions of wurtzite AlN, GaN, and InN},
  author={Bungaro, Claudia and Rapcewicz, Krzysztof and Bernholc, J},
  journal={Physical Review B},
  volume={61},
  number={10},
  pages={6720},
  year={2000},
  publisher={APS}
}
@article{ribeiro2018strong,
  title={Strong anharmonicity in the phonon spectra of PbTe and SnTe from first principles},
  author={Ribeiro, Guilherme AS and Paulatto, Lorenzo and Bianco, Raffaello and Errea, Ion and Mauri, Francesco and Calandra, Matteo},
  journal={Physical Review B},
  volume={97},
  number={1},
  pages={014306},
  year={2018},
  publisher={APS}
}
@article{zhang2011anomalous,
  title={Anomalous lattice dynamics near the ferroelectric instability in PbTe},
  author={Zhang, Yi and Ke, Xuezhi and Kent, Paul RC and Yang, Jihui and Chen, Changfeng},
  journal={Physical review letters},
  volume={107},
  number={17},
  pages={175503},
  year={2011},
  publisher={APS}
}
@article{kidd2002electron,
  title={Electron-hole coupling and the charge density wave transition in TiSe 2},
  author={Kidd, TE and Miller, T and Chou, MY and Chiang, T-C},
  journal={Physical review letters},
  volume={88},
  number={22},
  pages={226402},
  year={2002},
  publisher={APS}
}
@article{leroux2015strong,
  title={Strong anharmonicity induces quantum melting of charge density wave in 2 H- NbSe 2 under pressure},
  author={Leroux, Maxime and Errea, Ion and Le Tacon, Mathieu and Souliou, Sofia-Michaela and Garbarino, Gaston and Cario, Laurent and Bosak, Alexey and Mauri, Francesco and Calandra, Matteo and Rodi{\`e}re, Pierre},
  journal={Physical Review B},
  volume={92},
  number={14},
  pages={140303},
  year={2015},
  publisher={APS}
}
@article{fugallo2014thermal,
  title={Thermal conductivity of graphene and graphite: collective excitations and mean free paths},
  author={Fugallo, Giorgia and Cepellotti, Andrea and Paulatto, Lorenzo and Lazzeri, Michele and Marzari, Nicola and Mauri, Francesco},
  journal={Nano letters},
  volume={14},
  number={11},
  pages={6109--6114},
  year={2014},
  publisher={ACS Publications}
}
@article{cepellotti2015phonon,
  title={Phonon hydrodynamics in two-dimensional materials},
  author={Cepellotti, Andrea and Fugallo, Giorgia and Paulatto, Lorenzo and Lazzeri, Michele and Mauri, Francesco and Marzari, Nicola},
  journal={Nature communications},
  volume={6},
  pages={6400},
  year={2015},
  publisher={Nature Publishing Group}
}
@article{errea2016quantum,
  title={Quantum hydrogen-bond symmetrization in the superconducting hydrogen sulfide system},
  author={Errea, Ion and Calandra, Matteo and Pickard, Chris J and Nelson, Joseph R and Needs, Richard J and Li, Yinwei and Liu, Hanyu and Zhang, Yunwei and Ma, Yanming and Mauri, Francesco},
  journal={Nature},
  volume={532},
  number={7597},
  pages={81},
  year={2016},
  publisher={Nature Publishing Group}
}
@article{bianco2019quantum,
  title={Quantum Enhancement of Charge Density Wave in NbS2 in the Two-Dimensional Limit},
  author={Bianco, Raffaello and Errea, Ion and Monacelli, Lorenzo and Calandra, Matteo and Mauri, Francesco},
  journal={Nano letters},
  volume={19},
  number={5},
  pages={3098--3103},
  year={2019},
  publisher={ACS Publications}
}
@article{aseginolaza2019phonon,
  title={Phonon collapse and second-order phase transition in thermoelectric SnSe},
  author={Aseginolaza, Unai and Bianco, Raffaello and Monacelli, Lorenzo and Paulatto, Lorenzo and Calandra, Matteo and Mauri, Francesco and Bergara, Aitor and Errea, Ion},
  journal={Physical review letters},
  volume={122},
  number={7},
  pages={075901},
  year={2019},
  publisher={APS}
}
@book{tritt2005thermal,
  title={Thermal conductivity: theory, properties, and applications},
  author={Tritt, Terry M},
  year={2005},
  publisher={Springer Science \& Business Media}
}
@article{yang2002influence,
  title={Influence of electron-phonon interaction on the lattice thermal conductivity of Co 1- x Ni x Sb 3},
  author={Yang, J and Morelli, DT and Meisner, GP and Chen, W and Dyck, JS and Uher, C},
  journal={Physical Review B},
  volume={65},
  number={9},
  pages={094115},
  year={2002},
  publisher={APS}
}
@article{hamann1979norm,
  title={Norm-conserving pseudopotentials},
  author={Hamann, DR and Schl{\"u}ter, M and Chiang, C},
  journal={Physical Review Letters},
  volume={43},
  number={20},
  pages={1494},
  year={1979},
  publisher={APS}
}
@article{troullier1991efficient,
  title={Efficient pseudopotentials for plane-wave calculations},
  author={Troullier, Norman and Martins, Jos{\'e} Lu{\'\i}s},
  journal={Physical review B},
  volume={43},
  number={3},
  pages={1993},
  year={1991},
  publisher={APS}
}
@article{vanderbilt1990soft,
  title={Soft self-consistent pseudopotentials in a generalized eigenvalue formalism},
  author={Vanderbilt, David},
  journal={Physical review B},
  volume={41},
  number={11},
  pages={7892},
  year={1990},
  publisher={APS}
}
@article{blochl1994projector,
  title={Projector augmented-wave method},
  author={Bl{\"o}chl, Peter E},
  journal={Physical review B},
  volume={50},
  number={24},
  pages={17953},
  year={1994},
  publisher={APS}
}
@article{gonze1997dynamical,
  title={Dynamical matrices, Born effective charges, dielectric permittivity tensors, and interatomic force constants from density-functional perturbation theory},
  author={Gonze, Xavier and Lee, Changyol},
  journal={Physical Review B},
  volume={55},
  number={16},
  pages={10355},
  year={1997},
  publisher={APS}
}
@article{borinaga2017anharmonicity,
  title={Anharmonicity and the isotope effect in superconducting lithium at high pressures: A first-principles approach},
  author={Borinaga, Miguel and Aseginolaza, Unai and Errea, Ion and Calandra, Matteo and Mauri, Francesco and Bergara, Aitor},
  journal={Physical Review B},
  volume={96},
  number={18},
  pages={184505},
  year={2017},
  publisher={APS}
}
@article{maradudin1962scattering,
  title={Scattering of neutrons by an anharmonic crystal},
  author={Maradudin, AA and Fein, AE},
  journal={Physical Review},
  volume={128},
  number={6},
  pages={2589},
  year={1962},
  publisher={APS}
}
@book{goldsmid2010introduction,
  title={Introduction to thermoelectricity},
  author={Goldsmid, H Julian},
  volume={121},
  year={2010},
  publisher={Springer}
}
@book{behnia2015fundamentals,
  title={Fundamentals of thermoelectricity},
  author={Behnia, Kamran},
  year={2015},
  publisher={OUP Oxford}
}
@article{heremans2008enhancement,
  title={Enhancement of thermoelectric efficiency in PbTe by distortion of the electronic density of states},
  author={Heremans, Joseph P and Jovovic, Vladimir and Toberer, Eric S and Saramat, Ali and Kurosaki, Ken and Charoenphakdee, Anek and Yamanaka, Shinsuke and Snyder, G Jeffrey},
  journal={Science},
  volume={321},
  number={5888},
  pages={554--557},
  year={2008},
  publisher={American Association for the Advancement of Science}
}
@article{zhang2013high,
  title={High thermoelectric performance by resonant dopant indium in nanostructured SnTe},
  author={Zhang, Qian and Liao, Bolin and Lan, Yucheng and Lukas, Kevin and Liu, Weishu and Esfarjani, Keivan and Opeil, Cyril and Broido, David and Chen, Gang and Ren, Zhifeng},
  journal={Proceedings of the National Academy of Sciences},
  volume={110},
  number={33},
  pages={13261--13266},
  year={2013},
  publisher={National Acad Sciences}
}
@article{yang2008nanostructures,
  title={Nanostructures in high-performance (GeTe) x (AgSbTe2) 100- x thermoelectric materials},
  author={Yang, S He and Zhu, TJ and Sun, T and He, J and Zhang, SN and Zhao, XB},
  journal={Nanotechnology},
  volume={19},
  number={24},
  pages={245707},
  year={2008},
  publisher={IOP Publishing}
}
@article{cho2011thermoelectric,
  title={Thermoelectric properties and investigations of low thermal conductivity in Ga-doped Cu 2 GeSe 3},
  author={Cho, JY and Shi, Xun and Salvador, James R and Meisner, Gregory P and Yang, Jihui and Wang, Hsin and Wereszczak, Andrew A and Zhou, Xiaoyuan and Uher, Ctirad},
  journal={Physical Review B},
  volume={84},
  number={8},
  pages={085207},
  year={2011},
  publisher={APS}
}
@article{delaire2011giant,
  title={Giant anharmonic phonon scattering in PbTe},
  author={Delaire, Olivier and Ma, Jie and Marty, Karol and May, Andrew F and McGuire, Michael A and Du, Mao-Hua and Singh, David J and Podlesnyak, A and Ehlers, G and Lumsden, MD and others},
  journal={Nature materials},
  volume={10},
  number={8},
  pages={614},
  year={2011},
  publisher={Nature Publishing Group}
}
@article{li2014phonon,
  title={Phonon self-energy and origin of anomalous neutron scattering spectra in SnTe and PbTe thermoelectrics},
  author={Li, CW and Hellman, Olle and Ma, Jie and May, AF and Cao, HB and Chen, X and Christianson, AD and Ehlers, G and Singh, DJ and Sales, BC and others},
  journal={Physical review letters},
  volume={112},
  number={17},
  pages={175501},
  year={2014},
  publisher={APS}
}
@article{iizumi1975phase,
  title={Phase transition in SnTe with low carrier concentration},
  author={Iizumi, Masashi and Hamaguchi, Yoshikazu and F. Komatsubara, Kiichi and Kato, Yoshiki},
  journal={Journal of the Physical Society of Japan},
  volume={38},
  number={2},
  pages={443--449},
  year={1975},
  publisher={The Physical Society of Japan}
}
@article{o2017inelastic,
  title={Inelastic x-ray investigation of the ferroelectric transition in SnTe},
  author={O'Neill, Christopher D and Sokolov, Dmitry A and Hermann, Andreas and Bossak, Alexei and Stock, Christopher and Huxley, Andrew D},
  journal={Physical Review B},
  volume={95},
  number={14},
  pages={144101},
  year={2017},
  publisher={APS}
}
@book{ravich2013semiconducting,
  title={Semiconducting lead chalcogenides},
  author={Ravich, IUrii Isaakovich},
  volume={5},
  year={2013},
  publisher={Springer Science \& Business Media}
}
@article{hsu2004cubic,
  title={Cubic AgPbmSbTe2+ m: bulk thermoelectric materials with high figure of merit},
  author={Hsu, Kuei Fang and Loo, Sim and Guo, Fu and Chen, Wei and Dyck, Jeffrey S and Uher, Ctirad and Hogan, Tim and Polychroniadis, E Kanatzidis and Kanatzidis, Mercouri G},
  journal={Science},
  volume={303},
  number={5659},
  pages={818--821},
  year={2004},
  publisher={American Association for the Advancement of Science}
}
@book{rowe2018thermoelectrics,
  title={Thermoelectrics handbook: macro to nano},
  author={Rowe, David Michael},
  year={2018},
  publisher={CRC press}
}
@article{zhao2014ultralow,
  title={Ultralow thermal conductivity and high thermoelectric figure of merit in SnSe crystals},
  author={Zhao, Li-Dong and Lo, Shih-Han and Zhang, Yongsheng and Sun, Hui and Tan, Gangjian and Uher, Ctirad and Wolverton, Christopher and Dravid, Vinayak P and Kanatzidis, Mercouri G},
  journal={Nature},
  volume={508},
  number={7496},
  pages={373},
  year={2014},
  publisher={Nature Publishing Group}
}
@article{adouby1998structure,
  title={Structure and temperature transformation of SnSe. Stabilization of phase Sn4Bi2Se7},
  author={Adouby, K},
  journal={Z. Kristallogr},
  volume={213},
  pages={343--349},
  year={1998}
}
@article{chattopadhyay1986neutron,
  title={Neutron diffraction study of the structural phase transition in SnS and SnSe},
  author={Chattopadhyay, T and Pannetier, J and Von Schnering, HG},
  journal={Journal of Physics and Chemistry of Solids},
  volume={47},
  number={9},
  pages={879--885},
  year={1986},
  publisher={Elsevier}
}
@article{von1981high,
  title={The high temperature structure of {\ss}-SnS and {\ss}-SnSe and the B16-to-B33 type $\lambda$-transition path},
  author={Von Schnering, Hans Georg and Wiedemeier, Heribert},
  journal={Zeitschrift f{\"u}r Kristallographie-Crystalline Materials},
  volume={156},
  number={1-4},
  pages={143--150},
  year={1981},
  publisher={De Gruyter Oldenbourg}
}
@article{dewandre2016two,
  title={Two-step phase transition in SnSe and the origins of its high power factor from first principles},
  author={Dewandre, Antoine and Hellman, Olle and Bhattacharya, Sandip and Romero, Aldo H and Madsen, Georg KH and Verstraete, Matthieu J},
  journal={Physical review letters},
  volume={117},
  number={27},
  pages={276601},
  year={2016},
  publisher={APS}
}
@article{holt2001x,
  title={X-ray studies of phonon softening in TiSe 2},
  author={Holt, Martin and Zschack, Paul and Hong, Hawoong and Chou, MY and Chiang, T-C},
  journal={Physical review letters},
  volume={86},
  number={17},
  pages={3799},
  year={2001},
  publisher={APS}
}
@article{weber2011extended,
  title={Extended Phonon Collapse and the Origin of the Charge-Density Wave in 2 H- NbSe 2},
  author={Weber, F and Rosenkranz, S and Castellan, J-P and Osborn, R and Hott, R and Heid, R and Bohnen, K-P and Egami, T and Said, AH and Reznik, D},
  journal={Physical Review Letters},
  volume={107},
  number={10},
  pages={107403},
  year={2011},
  publisher={APS}
}
@article{ibrahim2017reinvestigation,
  title={Reinvestigation of the thermal properties of single-crystalline SnSe},
  author={Ibrahim, D and Vaney, J-B and Sassi, S and Candolfi, C and Ohorodniichuk, V and Levinsky, P and Semprimoschnig, C and Dauscher, A and Lenoir, B},
  journal={Applied Physics Letters},
  volume={110},
  number={3},
  pages={032103},
  year={2017},
  publisher={AIP Publishing}
}
@article{sassi2014assessment,
  title={Assessment of the thermoelectric performance of polycrystalline p-type SnSe},
  author={Sassi, S and Candolfi, C and Vaney, J-B and Ohorodniichuk, V and Masschelein, P and Dauscher, A and Lenoir, B},
  journal={Applied Physics Letters},
  volume={104},
  number={21},
  pages={212105},
  year={2014},
  publisher={AIP}
}
@article{chen2014thermoelectric,
  title={Thermoelectric properties of p-type polycrystalline SnSe doped with Ag},
  author={Chen, Cheng-Lung and Wang, Heng and Chen, Yang-Yuan and Day, Tristan and Snyder, G Jeffrey},
  journal={Journal of Materials Chemistry A},
  volume={2},
  number={29},
  pages={11171--11176},
  year={2014},
  publisher={Royal Society of Chemistry}
}
@article{carrete2014low,
  title={Low thermal conductivity and triaxial phononic anisotropy of SnSe},
  author={Carrete, Jes{\'u}s and Mingo, Natalio and Curtarolo, Stefano},
  journal={Applied Physics Letters},
  volume={105},
  number={10},
  pages={101907},
  year={2014},
  publisher={AIP Publishing}
}
@article{skelton2016anharmonicity,
  title={Anharmonicity in the High-Temperature C m c m Phase of SnSe: Soft Modes and Three-Phonon Interactions},
  author={Skelton, Jonathan M and Burton, Lee A and Parker, Stephen C and Walsh, Aron and Kim, Chang-Eun and Soon, Aloysius and Buckeridge, John and Sokol, Alexey A and Catlow, C Richard A and Togo, Atsushi and others},
  journal={Physical review letters},
  volume={117},
  number={7},
  pages={075502},
  year={2016},
  publisher={APS}
}
@article{yu2016enhanced,
  title={Enhanced power factor via the control of structural phase transition in SnSe},
  author={Yu, Hulei and Dai, Shuai and Chen, Yue},
  journal={Scientific reports},
  volume={6},
  pages={26193},
  year={2016},
  publisher={Nature Publishing Group}
}
@book{toledano1987landau,
  title={The Landau theory of phase transitions: application to structural, incommensurate, magnetic and liquid crystal systems},
  author={Toledano, Jean-Claude and Toledano, Pierre},
  volume={3},
  year={1987},
  publisher={World Scientific Publishing Company}
}
@article{orobengoa2009amplimodes,
  title={AMPLIMODES: symmetry-mode analysis on the Bilbao Crystallographic Server},
  author={Orobengoa, Danel and Capillas, Cesar and Aroyo, Mois I and Perez-Mato, J Manuel},
  journal={Journal of Applied Crystallography},
  volume={42},
  number={5},
  pages={820--833},
  year={2009},
  publisher={International Union of Crystallography}
}
@article{perez2010mode,
  title={Mode crystallography of distorted structures},
  author={Perez-Mato, JM and Orobengoa, D and Aroyo, MI},
  journal={Acta Crystallographica Section A: Foundations of Crystallography},
  volume={66},
  number={5},
  pages={558--590},
  year={2010},
  publisher={International Union of Crystallography}
}
@article{li2015orbitally,
  title={Orbitally driven giant phonon anharmonicity in SnSe},
  author={Li, Chen W and Hong, Jiawang and May, Andrew F and Bansal, Dipanshu and Chi, Songxue and Hong, Tao and Ehlers, Georg and Delaire, O},
  journal={Nature Physics},
  volume={11},
  number={12},
  pages={1063},
  year={2015},
  publisher={Nature Publishing Group}
}
@article{hong2016electronic,
  title={Electronic instability and anharmonicity in SnSe},
  author={Hong, Jiawang and Delaire, Olivier},
  journal={arXiv preprint arXiv:1604.07077},
  year={2016}
}
@article{bianco2018high,
  title={High-pressure phase diagram of hydrogen and deuterium sulfides from first principles: Structural and vibrational properties including quantum and anharmonic effects},
  author={Bianco, Raffaello and Errea, Ion and Calandra, Matteo and Mauri, Francesco},
  journal={Physical Review B},
  volume={97},
  number={21},
  pages={214101},
  year={2018},
  publisher={APS}
}
@article{wei2016intrinsic,
  title={The intrinsic thermal conductivity of SnSe},
  author={Wei, Pai-Chun and Bhattacharya, S and He, J and Neeleshwar, S and Podila, R and Chen, YY and Rao, AM},
  journal={Nature},
  volume={539},
  number={7627},
  pages={E1},
  year={2016},
  publisher={Nature Publishing Group}
}
@article{guo2015first,
  title={First-principles study of anisotropic thermoelectric transport properties of IV-VI semiconductor compounds SnSe and SnS},
  author={Guo, Ruiqiang and Wang, Xinjiang and Kuang, Youdi and Huang, Baoling},
  journal={Physical Review B},
  volume={92},
  number={11},
  pages={115202},
  year={2015},
  publisher={APS}
}
@article{he2018remarkable,
  title={Remarkable electron and phonon band structures lead to a high thermoelectric performance ZT> 1 in earth-abundant and eco-friendly SnS crystals},
  author={He, Wenke and Wang, Dongyang and Dong, Jin-Feng and Qiu, Yang and Fu, Liangwei and Feng, Yue and Hao, Yujie and Wang, Guangtao and Wang, Jinfeng and Liu, Chang and others},
  journal={Journal of Materials Chemistry A},
  volume={6},
  number={21},
  pages={10048--10056},
  year={2018},
  publisher={Royal Society of Chemistry}
}
@article{tan2014thermoelectrics,
  title={Thermoelectrics with earth abundant elements: low thermal conductivity and high thermopower in doped SnS},
  author={Tan, Qing and Zhao, Li-Dong and Li, Jing-Feng and Wu, Chao-Feng and Wei, Tian-Ran and Xing, Zhi-Bo and Kanatzidis, Mercouri G},
  journal={Journal of Materials Chemistry A},
  volume={2},
  number={41},
  pages={17302--17306},
  year={2014},
  publisher={Royal Society of Chemistry}
}
@article{madsen2006boltztrap,
  title={BoltzTraP. A code for calculating band-structure dependent quantities},
  author={Madsen, Georg KH and Singh, David J},
  journal={Computer Physics Communications},
  volume={175},
  number={1},
  pages={67--71},
  year={2006},
  publisher={Elsevier}
}
@article{vidal2012band,
  title={Band-structure, optical properties, and defect physics of the photovoltaic semiconductor SnS},
  author={Vidal, Julien and Lany, Stephan and dâ€™Avezac, Mayeul and Zunger, Alex and Zakutayev, Andriy and Francis, Jason and Tate, Janet},
  journal={Applied Physics Letters},
  volume={100},
  number={3},
  pages={032104},
  year={2012},
  publisher={AIP}
}
@article{skelton2017lattice,
  title={Lattice dynamics of the tin sulphides SnS 2, SnS and Sn 2 S 3: Vibrational spectra and thermal transport},
  author={Skelton, Jonathan M and Burton, Lee A and Jackson, Adam J and Oba, Fumiyasu and Parker, Stephen C and Walsh, Aron},
  journal={Physical Chemistry Chemical Physics},
  volume={19},
  number={19},
  pages={12452--12465},
  year={2017},
  publisher={Royal Society of Chemistry}
}
@article{wasscher1963simple,
  title={Simple evaluation of the maximum thermoelectric figure of merit, with application to mixed crystals SnS1-xSex},
  author={Wasscher, JD and Albers, W and Haas, C},
  journal={Solid-State Electronics},
  volume={6},
  number={3},
  pages={261--264},
  year={1963},
  publisher={Elsevier}
}
@article{scheidemantel2003transport,
  title={Transport coefficients from first-principles calculations},
  author={Scheidemantel, TJ and Ambrosch-Draxl, C and Thonhauser, T and Badding, John V and Sofo, Jorge Osvaldo},
  journal={Physical Review B},
  volume={68},
  number={12},
  pages={125210},
  year={2003},
  publisher={APS}
}
@article{chatterji2018soft,
  title={Soft-phonon dynamics of the thermoelectric $\beta$-SnSe at high temperatures},
  author={Chatterji, Tapan and Wdowik, Urszula D and Jag{\l}o, Grzegorz and Rols, St{\'e}phane and Wagner, Frank R},
  journal={Physics Letters A},
  volume={382},
  number={29},
  pages={1937--1941},
  year={2018},
  publisher={Elsevier}
}
@article{wei2019thermoelectric,
  title={Thermoelectric Figure-of-Merit of Fully Dense Single-Crystalline SnSe},
  author={Wei, Pai-Chun and Bhattacharya, Sriparna and Liu, Yu-Fei and Liu, Fengjiao and He, Jian and Tung, Yung-Hsiang and Yang, Chun-Chuen and Hsing, Cheng-Rong and Nguyen, Duc-Long and Wei, Ching-Ming and others},
  journal={ACS omega},
  volume={4},
  number={3},
  pages={5442--5450},
  year={2019},
  publisher={ACS Publications}
}
